@BOOK{BD12,
author = {Barber, D.},
title= {{Bayesian Reasoning and Machine Learning}},
publisher = {{Cambridge University Press}},
year = 2012}

@book{RCP05,
 author = {Robert, Christian P. and Casella, George},
 title = {Monte Carlo Statistical Methods (Springer Texts in Statistics)},
 year = {2005},
 isbn = {0387212396},
 publisher = {Springer-Verlag New York, Inc.},
 address = {Secaucus, NJ, USA},
}

@article{GJ89,
  title={Bayesian Inference in Econometric Models Using Monte Carlo Integration},
  author={Geweke, John},
  journal={Econometrica},
  volume={57},
  number={6},
  pages={1317--1339},
  year={1989}
}

@article{MN53,
  author = "Nicholas Metropolis and Arianna W. Rosenbluth and Marshall N. Rosenbluth and Augusta H. Teller and Edward Teller",
  title = "Equation of State Calculations by Fast Computing Machines",
  journal = "Journal of Chemical Physics",
  volume = "21",
  pages = "1087-1092",
  year = "1953"
}

@article{WKH70,
 author = "W.K. Hastings",
 title = "Monte Carlo samping methods using Markov chains and their applications",
 journal = "Biometrika",
 volume = "57",
 pages = "97-109",
 year = "1970",
 doi ="10.1093/biomet/57.1.97"
}

@article{GS84,
 author = {Geman, Stuart and Geman, Donald},
 title = {Stochastic Relaxation, Gibbs Distributions, and the Bayesian Restoration of Images},
 journal = {IEEE Trans. Pattern Anal. Mach. Intell.},
 issue_date = {November 1984},
 volume = {6},
 number = {6},
 month = nov,
 year = {1984},
 issn = {0162-8828},
 pages = {721--741},
 numpages = {21},
 url = {http://dx.doi.org/10.1109/TPAMI.1984.4767596},
 doi = {10.1109/TPAMI.1984.4767596},
 acmid = {2286617},
 publisher = {IEEE Computer Society},
 address = {Washington, DC, USA},
 keywords = {Annealing, Gibbs distribution, MAP estimate, Markov random field, image restoration, line process, relaxation, scene modeling, spatial degradation},
} 
